<?xml version="1.0" encoding="UTF-8"?><collection xmlns="http://www.loc.gov/MARC21/slim"><record><leader>00609nam--2200193-i-4500</leader><controlfield tag="001">000017216</controlfield><controlfield tag="002">20161230</controlfield><controlfield tag="005">20161230201032</controlfield><controlfield tag="008">060222s1000------------r-----000-0-rum-d</controlfield><datafield ind1=" " ind2=" " tag="040"><subfield code="a">IFIN-HH</subfield></datafield><datafield ind1=" " ind2=" " tag="041"><subfield code="a">rum</subfield></datafield><datafield ind1=" " ind2=" " tag="080"><subfield code="a">539.12.161.8(043)</subfield></datafield><datafield ind1="1" ind2=" " tag="100"><subfield code="a">Vasilescu, Angela</subfield></datafield><datafield ind1="1" ind2="0" tag="245"><subfield code="a">Detectori pentru studiul interactiei proton-proton la energii foarte inalte</subfield><subfield code="b">Teza</subfield><subfield code="c">Angela vasilescu</subfield></datafield><datafield ind1=" " ind2=" " tag="260"><subfield code="a">Bucuresti</subfield><subfield code="b">Institutul De Fizica Atomica</subfield><subfield code="c">1997</subfield></datafield><datafield ind1=" " ind2=" " tag="300"><subfield code="a">104P</subfield></datafield><datafield ind1=" " ind2=" " tag="502"><subfield code="a">Conducator Stiintific: Prof.Dr.Docent Alexandru Mihul</subfield></datafield><datafield ind1=" " ind2=" " tag="852"><subfield code="a">80635</subfield><subfield code="c">539.1.07:539.1.08</subfield></datafield><datafield ind1=" " ind2=" " tag="CAT"><subfield code="a">Sys</subfield><subfield code="c">20111101</subfield><subfield code="h">135826</subfield></datafield></record></collection>